@article{Reference1,
  author    = {Jonathan Long and
               Evan Shelhamer and
               Trevor Darrell},
  title     = {Fully Convolutional Networks for Semantic Segmentation},
  journal   = {CoRR},
  volume    = {abs/1411.4038},
  year      = {2014},
  url       = {http://arxiv.org/abs/1411.4038},
  archivePrefix = {arXiv},
  eprint    = {1411.4038},
  timestamp = {Mon, 13 Aug 2018 16:48:17 +0200},
  biburl    = {https://dblp.org/rec/bib/journals/corr/LongSD14},
  bibsource = {dblp computer science bibliography, https://dblp.org}
}

@article{Reference2,
  author    = {Ross B. Girshick and
               Jeff Donahue and
               Trevor Darrell and
               Jitendra Malik},
  title     = {Rich feature hierarchies for accurate object detection and semantic
               segmentation},
  journal   = {CoRR},
  volume    = {abs/1311.2524},
  year      = {2013},
  url       = {http://arxiv.org/abs/1311.2524},
  archivePrefix = {arXiv},
  eprint    = {1311.2524},
  timestamp = {Mon, 13 Aug 2018 16:48:09 +0200},
  biburl    = {https://dblp.org/rec/bib/journals/corr/GirshickDDM13},
  bibsource = {dblp computer science bibliography, https://dblp.org}
}

@article{Reference3,
  author    = {Bharath Hariharan and
               Pablo Arbelaez and
               Ross B. Girshick and
               Jitendra Malik},
  title     = {Simultaneous Detection and Segmentation},
  journal   = {CoRR},
  volume    = {abs/1407.1808},
  year      = {2014},
  url       = {http://arxiv.org/abs/1407.1808},
  archivePrefix = {arXiv},
  eprint    = {1407.1808},
  timestamp = {Mon, 13 Aug 2018 16:48:04 +0200},
  biburl    = {https://dblp.org/rec/bib/journals/corr/HariharanAGM14},
  bibsource = {dblp computer science bibliography, https://dblp.org}
}

@article{Reference4,
  author    = {Kaiming He and
               Georgia Gkioxari and
               Piotr Doll{\'{a}}r and
               Ross B. Girshick},
  title     = {Mask {R-CNN}},
  journal   = {CoRR},
  volume    = {abs/1703.06870},
  year      = {2017},
  url       = {http://arxiv.org/abs/1703.06870},
  archivePrefix = {arXiv},
  eprint    = {1703.06870},
  timestamp = {Mon, 13 Aug 2018 16:46:36 +0200},
  biburl    = {https://dblp.org/rec/bib/journals/corr/HeGDG17},
  bibsource = {dblp computer science bibliography, https://dblp.org}
}

@article{Reference5,
  author    = {Vijay Badrinarayanan and
               Ankur Handa and
               Roberto Cipolla},
  title     = {SegNet: {A} Deep Convolutional Encoder-Decoder Architecture for Robust
               Semantic Pixel-Wise Labelling},
  journal   = {CoRR},
  volume    = {abs/1505.07293},
  year      = {2015},
  url       = {http://arxiv.org/abs/1505.07293},
  archivePrefix = {arXiv},
  eprint    = {1505.07293},
  timestamp = {Mon, 13 Aug 2018 16:48:39 +0200},
  biburl    = {https://dblp.org/rec/bib/journals/corr/BadrinarayananH15},
  bibsource = {dblp computer science bibliography, https://dblp.org}
}

@article{Reference6,
  author    = {Olaf Ronneberger and
               Philipp Fischer and
               Thomas Brox},
  title     = {U-Net: Convolutional Networks for Biomedical Image Segmentation},
  journal   = {CoRR},
  volume    = {abs/1505.04597},
  year      = {2015},
  url       = {http://arxiv.org/abs/1505.04597},
  archivePrefix = {arXiv},
  eprint    = {1505.04597},
  timestamp = {Mon, 13 Aug 2018 16:46:52 +0200},
  biburl    = {https://dblp.org/rec/bib/journals/corr/RonnebergerFB15},
  bibsource = {dblp computer science bibliography, https://dblp.org}
}

@article{Reference7,
  author    = {Fisher Yu and
               Vladlen Koltun},
  title     = {Multi-Scale Context Aggregation by Dilated Convolutions},
  journal   = {CoRR},
  volume    = {abs/1511.07122},
  year      = {2015},
  url       = {http://arxiv.org/abs/1511.07122},
  archivePrefix = {arXiv},
  eprint    = {1511.07122},
  timestamp = {Mon, 13 Aug 2018 16:49:01 +0200},
  biburl    = {https://dblp.org/rec/bib/journals/corr/YuK15},
  bibsource = {dblp computer science bibliography, https://dblp.org}
}

@article{Reference8,
  author    = {Liang{-}Chieh Chen and
               George Papandreou and
               Iasonas Kokkinos and
               Kevin Murphy and
               Alan L. Yuille},
  title     = {Semantic Image Segmentation with Deep Convolutional Nets and Fully
               Connected CRFs},
  journal   = {CoRR},
  volume    = {abs/1412.7062},
  year      = {2014},
  url       = {http://arxiv.org/abs/1412.7062},
  archivePrefix = {arXiv},
  eprint    = {1412.7062},
  timestamp = {Mon, 13 Aug 2018 16:46:27 +0200},
  biburl    = {https://dblp.org/rec/bib/journals/corr/ChenPKMY14},
  bibsource = {dblp computer science bibliography, https://dblp.org}
}

@article{Reference9,
  author    = {Joseph Redmon and
               Ali Farhadi},
  title     = {{YOLO9000:} Better, Faster, Stronger},
  journal   = {CoRR},
  volume    = {abs/1612.08242},
  year      = {2016},
  url       = {http://arxiv.org/abs/1612.08242},
  archivePrefix = {arXiv},
  eprint    = {1612.08242},
  timestamp = {Mon, 13 Aug 2018 16:48:25 +0200},
  biburl    = {https://dblp.org/rec/bib/journals/corr/RedmonF16},
  bibsource = {dblp computer science bibliography, https://dblp.org}
}

@article{Reference10,
  author    = {Wei Liu and
               Dragomir Anguelov and
               Dumitru Erhan and
               Christian Szegedy and
               Scott E. Reed and
               Cheng{-}Yang Fu and
               Alexander C. Berg},
  title     = {{SSD:} Single Shot MultiBox Detector},
  journal   = {CoRR},
  volume    = {abs/1512.02325},
  year      = {2015},
  url       = {http://arxiv.org/abs/1512.02325},
  archivePrefix = {arXiv},
  eprint    = {1512.02325},
  timestamp = {Mon, 13 Aug 2018 16:48:29 +0200},
  biburl    = {https://dblp.org/rec/bib/journals/corr/LiuAESR15},
  bibsource = {dblp computer science bibliography, https://dblp.org}
}

@article{Reference11,
  author    = {Alexander Toshev and
               Christian Szegedy},
  title     = {DeepPose: Human Pose Estimation via Deep Neural Networks},
  journal   = {CoRR},
  volume    = {abs/1312.4659},
  year      = {2013},
  url       = {http://arxiv.org/abs/1312.4659},
  archivePrefix = {arXiv},
  eprint    = {1312.4659},
  timestamp = {Mon, 13 Aug 2018 16:48:57 +0200},
  biburl    = {https://dblp.org/rec/bib/journals/corr/ToshevS13},
  bibsource = {dblp computer science bibliography, https://dblp.org}
}

@article{Reference12,
  author    = {Georgia Gkioxari and
               Ross B. Girshick and
               Jitendra Malik},
  title     = {Contextual Action Recognition with R*CNN},
  journal   = {CoRR},
  volume    = {abs/1505.01197},
  year      = {2015},
  url       = {http://arxiv.org/abs/1505.01197},
  archivePrefix = {arXiv},
  eprint    = {1505.01197},
  timestamp = {Mon, 13 Aug 2018 16:49:10 +0200},
  biburl    = {https://dblp.org/rec/bib/journals/corr/GkioxariGM15},
  bibsource = {dblp computer science bibliography, https://dblp.org}
}

@article{Reference13,
  added-at = {2018-08-13T00:00:00.000+0200},
  author = {Conneau, Alexis and Schwenk, Holger and Barrault, Loïc and LeCun, Yann},
  biburl = {https://www.bibsonomy.org/bibtex/2c339884f320104dda779616af76770e4/dblp},
  ee = {http://arxiv.org/abs/1606.01781},
  interhash = {cd8654a7ab8b4c8c2c124c18b96ff5b1},
  intrahash = {c339884f320104dda779616af76770e4},
  journal = {CoRR},
  keywords = {dblp},
  timestamp = {2018-08-14T15:00:02.000+0200},
  title = {Very Deep Convolutional Networks for Natural Language Processing.},
  url = {http://dblp.uni-trier.de/db/journals/corr/corr1606.html#ConneauSBL16},
  volume = {abs/1606.01781},
  year = 2016
}

@article{Reference14,
author = {Arevalo, John and González, Fabio and Ramos, Ronaldo and L. Oliveira, Jose and Guevara Lopez, Miguel Angel},
year = {2015},
month = {12},
pages = {},
title = {Representation learning for mammography mass lesion classification with convolutional neural networks},
volume = {127},
booktitle = {Computer Methods and Programs in Biomedicine}
}

@article{Reference15,
author = {Liu, Yu and Minh Nguyen, Duc and Deligiannis, Nikos and Ding, Wenrui and Munteanu, Adrian},
year = {2017},
month = {05},
pages = {522},
title = {Hourglass-ShapeNetwork Based Semantic Segmentation for High Resolution Aerial Imagery},
volume = {9},
booktitle = {Remote Sensing}
}

@inproceedings{Reference16,
author = {Mykhaylo Andriluka and Leonid Pishchulin and Peter Gehler and Schiele, Bernt},title = {2D Human Pose Estimation: New Benchmark and State of the Art Analysis},
booktitle = {IEEE Conference on Computer Vision and Pattern Recognition (CVPR)},
year = {2014},
month = {06}
}

@article{Reference17,
  author    = {G{\"{u}}l Varol and
               Javier Romero and
               Xavier Martin and
               Naureen Mahmood and
               Michael J. Black and
               Ivan Laptev and
               Cordelia Schmid},
  title     = {Learning from Synthetic Humans},
  journal   = {CoRR},
  volume    = {abs/1701.01370},
  year      = {2017},
  url       = {http://arxiv.org/abs/1701.01370},
  archivePrefix = {arXiv},
  eprint    = {1701.01370},
  timestamp = {Mon, 13 Aug 2018 16:46:31 +0200},
  biburl    = {https://dblp.org/rec/bib/journals/corr/Varol0MMBLS17},
  bibsource = {dblp computer science bibliography, https://dblp.org}
}

@article{Reference18,
  author    = {Hengshuang Zhao and
               Xiaojuan Qi and
               Xiaoyong Shen and
               Jianping Shi and
               Jiaya Jia},
  title     = {ICNet for Real-Time Semantic Segmentation on High-Resolution Images},
  journal   = {CoRR},
  volume    = {abs/1704.08545},
  year      = {2017},
  url       = {http://arxiv.org/abs/1704.08545},
  archivePrefix = {arXiv},
  eprint    = {1704.08545},
  timestamp = {Mon, 13 Aug 2018 16:47:33 +0200},
  biburl    = {https://dblp.org/rec/bib/journals/corr/ZhaoQSSJ17},
  bibsource = {dblp computer science bibliography, https://dblp.org}
}

@article{Reference19,
  author    = {Alin{-}Ionut Popa and
               Mihai Zanfir and
               Cristian Sminchisescu},
  title     = {Deep Multitask Architecture for Integrated 2D and 3D Human Sensing},
  journal   = {CoRR},
  volume    = {abs/1701.08985},
  year      = {2017},
  url       = {http://arxiv.org/abs/1701.08985},
  archivePrefix = {arXiv},
  eprint    = {1701.08985},
  timestamp = {Mon, 13 Aug 2018 16:46:55 +0200},
  biburl    = {https://dblp.org/rec/bib/journals/corr/PopaZS17},
  bibsource = {dblp computer science bibliography, https://dblp.org}
}

@article{Reference20,
  author    = {Subarna Tripathi and
               Maxwell Collins and
               Matthew Brown and
               Serge J. Belongie},
  title     = {Pose2Instance: Harnessing Keypoints for Person Instance Segmentation},
  journal   = {CoRR},
  volume    = {abs/1704.01152},
  year      = {2017},
  url       = {http://arxiv.org/abs/1704.01152},
  archivePrefix = {arXiv},
  eprint    = {1704.01152},
  timestamp = {Mon, 13 Aug 2018 16:46:52 +0200},
  biburl    = {https://dblp.org/rec/bib/journals/corr/TripathiCBB17},
  bibsource = {dblp computer science bibliography, https://dblp.org}
}

@article{Reference21,
  author    = {Alejandro Newell and
               Kaiyu Yang and
               Jia Deng},
  title     = {Stacked Hourglass Networks for Human Pose Estimation},
  journal   = {CoRR},
  volume    = {abs/1603.06937},
  year      = {2016},
  url       = {http://arxiv.org/abs/1603.06937},
  archivePrefix = {arXiv},
  eprint    = {1603.06937},
  timestamp = {Mon, 13 Aug 2018 16:49:02 +0200},
  biburl    = {https://dblp.org/rec/bib/journals/corr/NewellYD16},
  bibsource = {dblp computer science bibliography, https://dblp.org}
}

@article{Reference22,
  author    = {Hengshuang Zhao and
               Jianping Shi and
               Xiaojuan Qi and
               Xiaogang Wang and
               Jiaya Jia},
  title     = {Pyramid Scene Parsing Network},
  journal   = {CoRR},
  volume    = {abs/1612.01105},
  year      = {2016},
  url       = {http://arxiv.org/abs/1612.01105},
  archivePrefix = {arXiv},
  eprint    = {1612.01105},
  timestamp = {Mon, 13 Aug 2018 16:47:16 +0200},
  biburl    = {https://dblp.org/rec/bib/journals/corr/ZhaoSQWJ16},
  bibsource = {dblp computer science bibliography, https://dblp.org}
}

@article{Reference23,
  author    = {Marius Cordts and
               Mohamed Omran and
               Sebastian Ramos and
               Timo Rehfeld and
               Markus Enzweiler and
               Rodrigo Benenson and
               Uwe Franke and
               Stefan Roth and
               Bernt Schiele},
  title     = {The Cityscapes Dataset for Semantic Urban Scene Understanding},
  journal   = {CoRR},
  volume    = {abs/1604.01685},
  year      = {2016},
  url       = {http://arxiv.org/abs/1604.01685},
  archivePrefix = {arXiv},
  eprint    = {1604.01685},
  timestamp = {Mon, 13 Aug 2018 16:47:48 +0200},
  biburl    = {https://dblp.org/rec/bib/journals/corr/CordtsORREBFRS16},
  bibsource = {dblp computer science bibliography, https://dblp.org}
}